<?xml version="1.0" encoding="UTF-8"?><collection xmlns="http://www.loc.gov/MARC21/slim"><record><leader>00391nam--2200133-i-4500</leader><controlfield tag="001">000040499</controlfield><controlfield tag="002">20161230</controlfield><controlfield tag="005">20161230201042</controlfield><controlfield tag="008">060222s1000------------r-----000-0-eng-d</controlfield><datafield ind1=" " ind2=" " tag="080"><subfield code="a">681.3</subfield></datafield><datafield ind1=" " ind2=" " tag="100"><subfield code="a">Schaefler,G.F</subfield></datafield><datafield ind1=" " ind2=" " tag="245"><subfield code="a">A course in algol programming. including the revised report on the algorithmic language algol 60</subfield></datafield><datafield ind1=" " ind2=" " tag="260"><subfield code="a">Melbourne, Macmillan, 1966. Xi + 201 P</subfield></datafield><datafield ind1=" " ind2=" " tag="852"><subfield code="a">24641</subfield></datafield></record></collection>